<record><leader>00000cas a2200000 a 4500</leader><controlfield tag="001">13607470</controlfield><controlfield tag="008">860521d19231925scucr ne      0    0eng d</controlfield><datafield ind1=" " ind2=" " tag="010"><subfield code="a">sn 86063763 </subfield></datafield><datafield ind1=" " ind2=" " tag="040"><subfield code="a">KSH</subfield><subfield code="b">eng</subfield><subfield code="c">KSH</subfield><subfield code="d">NPT</subfield><subfield code="d">SVN</subfield><subfield code="d">OCL</subfield><subfield code="d">OCLCQ</subfield></datafield><datafield ind1=" " ind2=" " tag="042"><subfield code="a">msc</subfield></datafield><datafield ind1="0" ind2="4" tag="245"><subfield code="a">The Lancaster citizen.</subfield></datafield><datafield ind1=" " ind2=" " tag="260"><subfield code="a">Lancaster, S.C. :</subfield><subfield code="b">Gilmore Lynn Nisbet</subfield></datafield><datafield ind1=" " ind2=" " tag="300"><subfield code="a">v. :</subfield><subfield code="b">ill. ;</subfield><subfield code="c">56 cm.</subfield></datafield><datafield ind1=" " ind2=" " tag="310"><subfield code="a">Semiweekly</subfield></datafield><datafield ind1="1" ind2=" " tag="362"><subfield code="a">Began in 1923; ceased in 1925?</subfield><subfield code="z">Moore, South Carolina newspapers.</subfield></datafield><datafield ind1=" " ind2=" " tag="500"><subfield code="a">Special "National Publicity Edition" published on May 28, 1923.</subfield></datafield><datafield ind1=" " ind2=" " tag="588"><subfield code="a">Description based on: Vol. 8, no. 42 (May 28, 1923).</subfield></datafield><datafield ind1=" " ind2="4" tag="651"><subfield code="a">Lancaster County (S.C.)</subfield><subfield code="v">Newspapers.</subfield></datafield><datafield ind1=" " ind2=" " tag="752"><subfield code="a">United States</subfield><subfield code="b">South Carolina</subfield><subfield code="c">Lancaster</subfield><subfield code="d">Lancaster.</subfield></datafield><datafield ind1="0" ind2="0" tag="780"><subfield code="t">Lancaster County citizen</subfield><subfield code="w">(DLC)sn 92065660</subfield></datafield><datafield ind1="1" ind2=" " tag="029"><subfield code="a">AU@</subfield><subfield code="b">000022168920</subfield></datafield></record>